<collection xmlns="http://www.loc.gov/MARC21/slim">
<record>
  <leader>00930nam0a22002291i 450 </leader>
  <controlfield tag="001">IT\ICCU\CNCE\050480</controlfield>
  <controlfield tag="005">20151221000000.0</controlfield>
  <datafield tag="012" ind1=" " ind2=" ">
    <subfield code="a">umy- esua i-co o,e- (C) 1554 (Q)</subfield>
    <subfield code="2">fei</subfield>
  </datafield>
  <datafield tag="100" ind1=" " ind2=" ">
    <subfield code="a">20000121d1554        0itac0103    ba</subfield>
  </datafield>
  <datafield tag="101" ind1=" " ind2=" ">
    <subfield code="a">LAT</subfield>
  </datafield>
  <datafield tag="102" ind1=" " ind2=" ">
    <subfield code="a">IT</subfield>
  </datafield>
  <datafield tag="200" ind1="1" ind2=" ">
    <subfield code="a">Orationum libellus  ̉f. Salvatore Parisio Neapolitano minorita aeditus. Complectensque pium religionis opus. Franciscique tui complexibus usque teneris</subfield>
  </datafield>
  <datafield tag="210" ind1=" " ind2=" ">
    <subfield code="d">\1554!</subfield>
    <subfield code="e">Neapoli</subfield>
    <subfield code="g">apud Raymundum de Amato</subfield>
  </datafield>
  <datafield tag="215" ind1=" " ind2=" ">
    <subfield code="a">\8! c.</subfield>
    <subfield code="d">8ʻ</subfield>
  </datafield>
  <datafield tag="300" ind1=" " ind2=" ">
    <subfield code="a">La data si ricava da c. 2v</subfield>
  </datafield>
  <datafield tag="620" ind1=" " ind2=" ">
    <subfield code="a">IT</subfield>
    <subfield code="d">Napoli</subfield>
  </datafield>
  <datafield tag="700" ind1=" " ind2="1">
    <subfield code="a">Parisi,</subfield>
    <subfield code="b">Salvatore</subfield>
    <subfield code="3">IT\ICCU\CNCA\015842</subfield>
  </datafield>
  <datafield tag="712" ind1="0" ind2="0">
    <subfield code="a">Amato, Raimondo</subfield>
    <subfield code="3">IT\ICCU\CNCT\000523</subfield>
    <subfield code="4">650</subfield>
  </datafield>
  <datafield tag="791" ind1="0" ind2="0">
    <subfield code="a">Amatus, Raymundus</subfield>
    <subfield code="3">IT\ICCU\CNCT\004240</subfield>
    <subfield code="z">Amato, Raimondo</subfield>
  </datafield>
  <datafield tag="801" ind1=" " ind2="3">
    <subfield code="a">IT</subfield>
    <subfield code="b">ICCU</subfield>
    <subfield code="c">20201115</subfield>
  </datafield>
  <datafield tag="899" ind1=" " ind2=" ">
    <subfield code="a">Biblioteca Apostolica Vaticana. Citt ̉del Vaticano</subfield>
    <subfield code="1">EX0001</subfield>
    <subfield code="2">ZCV 01</subfield>
  </datafield>
  <datafield tag="899" ind1=" " ind2=" ">
    <subfield code="a">Biblioteca Giovardiana. Veroli</subfield>
    <subfield code="z">MUTILO</subfield>
    <subfield code="1">FR0072</subfield>
    <subfield code="2">RMS G1</subfield>
  </datafield>
</record>
</collection>
